@inproceedings{Muller:1991:PEP:108844.108896,
 author = {Muller, Michael J.},
 title = {{PICTIVE}-an Exploration in Participatory Design},
 booktitle = {Proceedings of the SIGCHI Conference on Human Factors in Computing Systems},
 series = {CHI '91},
 year = {1991},
 isbn = {0-89791-383-3},
 location = {New Orleans, Louisiana, USA},
 pages = {225--231},
 numpages = {7},
 url = {http://doi.acm.org/10.1145/108844.108896},
 doi = {10.1145/108844.108896},
 acmid = {108896},
 publisher = {ACM},
 address = {New York, NY, USA},
} 

@incollection{Muller:2002:PDT:772072.772138,
 author = {Muller, Michael J.},
 chapter = {Participatory Design: The Third Space in HCI},
 title = {The Human-computer Interaction Handbook},
 editor = {Jacko, Julie A. and Sears, Andrew},
 year = {2003},
 isbn = {0-8058-3838-4},
 pages = {1051--1068},
 numpages = {18},
 url = {http://dl.acm.org/citation.cfm?id=772072.772138},
 acmid = {772138},
 publisher = {L. Erlbaum Associates Inc.},
 address = {Hillsdale, NJ, USA},
} 

@book{Greenbaum:1992:DWC:125470,
 editor = {Greenbaum, Joan and Kyng, Morten},
 title = {Design at Work: Cooperative Design of Computer Systems},
 year = {1992},
 isbn = {0-8058-0612-1},
 publisher = {L. Erlbaum Associates Inc.},
 address = {Hillsdale, NJ, USA},
} 

@article{schilling2000toward,
  title={Toward a general modular systems theory and its application to interfirm product modularity},
  author={Schilling, Melissa A},
  journal={Academy of management review},
  volume={25},
  number={2},
  pages={312--334},
  year={2000},
  publisher={Academy of Management}
}

@article{ulrich1995role,
  title={The role of product architecture in the manufacturing firm},
  author={Ulrich, Karl},
  journal={Research policy},
  volume={24},
  number={3},
  pages={419--440},
  year={1995},
  publisher={Elsevier}
}

@inproceedings{Lane:2015:ZCD:2742647.2742672,
 author = {Lane, Nicholas D. and Georgiev, Petko and Mascolo, Cecilia and Gao, Ying},
 title = {ZOE: A Cloud-less Dialog-enabled Continuous Sensing Wearable Exploiting Heterogeneous Computation},
 booktitle = {Proceedings of the 13th Annual International Conference on Mobile Systems, Applications, and Services},
 series = {MobiSys '15},
 year = {2015},
 isbn = {978-1-4503-3494-5},
 location = {Florence, Italy},
 pages = {273--286},
 numpages = {14},
 url = {http://doi.acm.org/10.1145/2742647.2742672},
 doi = {10.1145/2742647.2742672},
 acmid = {2742672},
 publisher = {ACM},
 address = {New York, NY, USA},
 keywords = {continuous sensing, dialog system, mobile sensing, wearable},
} 

@inproceedings{Yatani:2012:BWA:2370216.2370269,
 author = {Yatani, Koji and Truong, Khai N.},
 title = {BodyScope: A Wearable Acoustic Sensor for Activity Recognition},
 booktitle = {Proceedings of the 2012 ACM Conference on Ubiquitous Computing},
 series = {UbiComp '12},
 year = {2012},
 isbn = {978-1-4503-1224-0},
 location = {Pittsburgh, Pennsylvania},
 pages = {341--350},
 numpages = {10},
 url = {http://doi.acm.org/10.1145/2370216.2370269},
 doi = {10.1145/2370216.2370269},
 acmid = {2370269},
 publisher = {ACM},
 address = {New York, NY, USA},
 keywords = {acoustic sensor, activity recognition, machine learning, wearable sensor},
} 

@inproceedings{Thompson:2015:DHA:2750858.2807536,
 author = {Thompson, Robin and Kyriazakis, Ilias and Holden, Amey and Olivier, Patrick and Pl\"{o}tz, Thomas},
 title = {Dancing with Horses: Automated Quality Feedback for Dressage Riders},
 booktitle = {Proceedings of the 2015 ACM International Joint Conference on Pervasive and Ubiquitous Computing},
 series = {UbiComp '15},
 year = {2015},
 isbn = {978-1-4503-3574-4},
 location = {Osaka, Japan},
 pages = {325--336},
 numpages = {12},
 url = {http://doi.acm.org/10.1145/2750858.2807536},
 doi = {10.1145/2750858.2807536},
 acmid = {2807536},
 publisher = {ACM},
 address = {New York, NY, USA},
 keywords = {activity recognition, dressage, horses, skill assessment, wearable sensing},
} 
@inproceedings{Mokaya:2015:MVB:2750858.2804258,
 author = {Mokaya, Frank and Lucas, Roland and Noh, Hae Young and Zhang, Pei},
 title = {MyoVibe: Vibration Based Wearable Muscle Activation Detection in High Mobility Exercises},
 booktitle = {Proceedings of the 2015 ACM International Joint Conference on Pervasive and Ubiquitous Computing},
 series = {UbiComp '15},
 year = {2015},
 isbn = {978-1-4503-3574-4},
 location = {Osaka, Japan},
 pages = {27--38},
 numpages = {12},
 url = {http://doi.acm.org/10.1145/2750858.2804258},
 doi = {10.1145/2750858.2804258},
 acmid = {2804258},
 publisher = {ACM},
 address = {New York, NY, USA},
 keywords = {MMG, muscle activation, vibration, wearable sensing},
} 


@inproceedings{Lorincz:2009:MWS:1644038.1644057,
 author = {Lorincz, Konrad and Chen, Bor-rong and Challen, Geoffrey Werner and Chowdhury, Atanu Roy and Patel, Shyamal and Bonato, Paolo and Welsh, Matt},
 title = {Mercury: A Wearable Sensor Network Platform for High-fidelity Motion Analysis},
 booktitle = {Proceedings of the 7th ACM Conference on Embedded Networked Sensor Systems},
 series = {SenSys '09},
 year = {2009},
 isbn = {978-1-60558-519-2},
 location = {Berkeley, California},
 pages = {183--196},
 numpages = {14},
 url = {http://doi.acm.org/10.1145/1644038.1644057},
 doi = {10.1145/1644038.1644057},
 acmid = {1644057},
 publisher = {ACM},
 address = {New York, NY, USA},
 keywords = {Mercury, resource-aware programming, wireless sensor networks},
} 

@inproceedings{Mokaya:2013:MMA:2461381.2461406,
 author = {Mokaya, Frank O. and Nguyen, Brian and Kuo, Cynthia and Jacobson, Quinn and Rowe, Anthony and Zhang, Pei},
 title = {MARS: A Muscle Activity Recognition System Enabling Self-configuring Musculoskeletal Sensor Networks},
 booktitle = {Proceedings of the 12th International Conference on Information Processing in Sensor Networks},
 series = {IPSN '13},
 year = {2013},
 isbn = {978-1-4503-1959-1},
 location = {Philadelphia, Pennsylvania, USA},
 pages = {191--202},
 numpages = {12},
 url = {http://doi.acm.org/10.1145/2461381.2461406},
 doi = {10.1145/2461381.2461406},
 acmid = {2461406},
 publisher = {ACM},
 address = {New York, NY, USA},
 keywords = {muscle activity recognition, wearable sensing},
} 

@inproceedings{Larson:2011:APP:2030112.2030163,
 author = {Larson, Eric C. and Lee, TienJui and Liu, Sean and Rosenfeld, Margaret and Patel, Shwetak N.},
 title = {Accurate and Privacy Preserving Cough Sensing Using a Low-cost Microphone},
 booktitle = {Proceedings of the 13th International Conference on Ubiquitous Computing},
 series = {UbiComp '11},
 year = {2011},
 isbn = {978-1-4503-0630-0},
 location = {Beijing, China},
 pages = {375--384},
 numpages = {10},
 url = {http://doi.acm.org/10.1145/2030112.2030163},
 doi = {10.1145/2030112.2030163},
 acmid = {2030163},
 publisher = {ACM},
 address = {New York, NY, USA},
 keywords = {cough detection, health, mobile phones, privacy, sensing, signal processing},
} 

@inproceedings{deGreef:2014:BUM:2632048.2632076,
 author = {de Greef, Lilian and Goel, Mayank and Seo, Min Joon and Larson, Eric C. and Stout, James W. and Taylor, James A. and Patel, Shwetak N.},
 title = {Bilicam: Using Mobile Phones to Monitor Newborn Jaundice},
 booktitle = {Proceedings of the 2014 ACM International Joint Conference on Pervasive and Ubiquitous Computing},
 series = {UbiComp '14},
 year = {2014},
 isbn = {978-1-4503-2968-2},
 location = {Seattle, Washington},
 pages = {331--342},
 numpages = {12},
 url = {http://doi.acm.org/10.1145/2632048.2632076},
 doi = {10.1145/2632048.2632076},
 acmid = {2632076},
 publisher = {ACM},
 address = {New York, NY, USA},
 keywords = {bilirubin, health sensing, image processing, mobile phones, neonatal jaundice},
} 

@inproceedings{mPuff:2012:MAD:2185677.2185741,
 author = {Ali, Amin Ahsan and Hossain, Syed Monowar and Hovsepian, Karen and Rahman, Md. Mahbubur and Plarre, Kurt and Kumar, Santosh},
 title = {mPuff: Automated Detection of Cigarette Smoking Puffs from Respiration Measurements},
 booktitle = {Proceedings of the 11th International Conference on Information Processing in Sensor Networks},
 series = {IPSN '12},
 year = {2012},
 isbn = {978-1-4503-1227-1},
 location = {Beijing, China},
 pages = {269--280},
 numpages = {12},
 url = {http://doi.acm.org/10.1145/2185677.2185741},
 doi = {10.1145/2185677.2185741},
 acmid = {2185741},
 publisher = {ACM},
 address = {New York, NY, USA},
 keywords = {respiration, smoking detection, wearable sensors},
} 

@inproceedings{You2016Ket,
 author = {You, Chuang-Wen and Lin, Ya-Fang and Li, Cheng-Yuan and Tsai, Yu-Lun and Huang, Ming-Chyi and Lee, Chao-Hui and Wang, Hao-Chuan and Chu, Hao-Hua},
 title = {KeDiary: Using Mobile Phones to Assist Patients in Recovering from Drug Addiction},
 booktitle = {Proceedings of the 2016 CHI Conference on Human Factors in Computing Systems},
 series = {CHI '16},
 year = {2016},
 isbn = {978-1-4503-3362-7},
 location = {Santa Clara, California, USA},
 pages = {5704--5709},
 numpages = {6},
 url = {http://doi.acm.org/10.1145/2858036.2858185},
 doi = {10.1145/2858036.2858185},
 acmid = {2858185},
 publisher = {ACM},
 address = {New York, NY, USA},
 keywords = {CHI4good, addiction recovery, drug addiction, mobile system},
} 


@inproceedings{Li2013teeth,
 author = {Li, Cheng-Yuan and Chen, Yen-Chang and Chen, Wei-Ju and Huang, Polly and Chu, Hao-hua},
 title = {Sensor-embedded Teeth for Oral Activity Recognition},
 booktitle = {Proceedings of the 2013 International Symposium on Wearable Computers},
 series = {ISWC '13},
 year = {2013},
 isbn = {978-1-4503-2127-3},
 location = {Zurich, Switzerland},
 pages = {41--44},
 numpages = {4},
 url = {http://doi.acm.org/10.1145/2493988.2494352},
 doi = {10.1145/2493988.2494352},
 acmid = {2494352},
 publisher = {ACM},
 address = {New York, NY, USA},
 keywords = {activity recognition, oral activity recognition, sensing},
} 


@inproceedings{walker2002high,
  title={High-fidelity or low-fidelity, paper or computer? Choosing attributes when testing web prototypes},
  author={Walker, Miriam and Takayama, Leila and Landay, James A},
  booktitle={Proceedings of the Human Factors and Ergonomics Society Annual Meeting},
  volume={46},
  number={5},
  pages={661--665},
  year={2002},
  organization={SAGE Publications}
}

@article{Nielsen:1993:IUD:618985.619982,
 author = {Nielsen, Jakob},
 title = {Iterative User-Interface Design},
 journal = {Computer},
 issue_date = {November 1993},
 volume = {26},
 number = {11},
 month = nov,
 year = {1993},
 issn = {0018-9162},
 pages = {32--41},
 numpages = {10},
 url = {http://dx.doi.org/10.1109/2.241424},
 doi = {10.1109/2.241424},
 acmid = {619982},
 publisher = {IEEE Computer Society Press},
 address = {Los Alamitos, CA, USA},
} 

@book{van2007design,
  title={The Design of Sites: Patterns for Creating Winning Web Sites},
  author={Van Duyne, D.K. and Landay, J.A. and Hong, J.I.},
  isbn={9780131345553},
  lccn={2006026285},
  url={https://books.google.com.tw/books?id=eE2TxLtDsL8C},
  year={2007},
  publisher={Prentice Hall}
}


@article{tripp1990rapid,
  title={Rapid prototyping: An alternative instructional design strategy},
  author={Tripp, Steven D and Bichelmeyer, Barbara},
  journal={Educational Technology Research and Development},
  volume={38},
  number={1},
  pages={31--44},
  year={1990},
  publisher={Springer}
}


@article{gartner2016wearable,
  title={Forecast: Wearable Electronic Devices, Worldwide},
  author={Gartner},
  year={2016},
}

@article{camarillo2013head,
  title={Head contacts in collegiate football measured with an instrumented mouthguard},
  author={Camarillo, David and Mattson, James and Flynn, Michael and Yang, Sheng and Shull, Pete and Shultz, Rebecca and Matheson, Gordon and Garza, Daniel},
  journal={British Journal of Sports Medicine},
  volume={47},
  number={5},
  pages={e1--e1},
  year={2013},
  publisher={BMJ Publishing Group Ltd and British Association of Sport and Exercise Medicine}
}

@InProceedings{aoki1999,
  author = 	 {Hisashi Aoki and Bernt Schiele and Alex Pentland},
  title = 	 {Realtime Personal Positioning System for Wearable Computers},
  booktitle = {Proceedings of the 3rd IEEE International Symposium on Wearable Computers},
  pages = 	 {37-43},
  year = 	 {1999}
}



@Misc{gamifi,
  author = 	 {Marczewski, Andrzej},
  title = 	 {Gamification: A Simple Introduction},
  year = 	 {2012},
}

@inproceedings{azusa:2011,
 author = {Kadomura, Azusa and Nakamori, Reina and Tsukada, Koji and Siio, Itiro},
 title = {EaTheremin},
 booktitle = {SIGGRAPH Asia 2011 Emerging Technologies},
 series = {SA '11},
 year = {2011},
 %isbn = {978-1-4503-1136-6},
 %location = {Hong Kong, China},
 pages = {7:1--7:1},
 %articleno = {7},
 %numpages = {1},
 %url = {http://doi.acm.org/10.1145/2073370.2073376},
 %doi = {10.1145/2073370.2073376},
 %acmid = {2073376},
 publisher = {ACM},
} 

@article{nakamura2012,
author="Hiromi Nakamura and Homei Miyashita",
title="A System Combining Change of Taste and Visual Contents",
journal="IPSJ Journal",
ISSN="03875806",
publisher="Information Processing Society of Japan (IPSJ)",
year="2012-03-15",
volume="53",
number="3",
pages="1092-1100",
URL="http://ci.nii.ac.jp/naid/110008802667/en/",
}

@inproceedings{mann2011,
 author = {Mann, Steve and Janzen, Ryan and Huang, Jason and Kelly, Matthew and Ba, Lei Jimmy and Chen, Alexander},
 title = {User-interfaces based on the water-hammer effect: water-hammer piano as an interactive percussion surface},
 booktitle = {Proceedings of the fifth international conference on Tangible, embedded, and embodied interaction},
 series = {TEI '11},
 year = {2011},
 isbn = {978-1-4503-0478-8},
 location = {Funchal, Portugal},
 pages = {1--8},
 numpages = {8},
% url = {http://doi.acm.org/10.1145/1935701.1935703},
% doi = {10.1145/1935701.1935703},
 acmid = {1935703},
 publisher = {ACM},
 keywords = {absement, aquatic play, filterbanks, human computer interaction, hydraulophone, hydraulophone pitch notation, hydrophone, hyperacoustic, musical instrument, natural pitch notation, nessie(tm), nessonance, nessonator(tm), organic user interface, presement, sensory table, shifterbanks, tangible user interface, water drum, water drumming, water hammer, water table, waterdrum, waterhammer, waterhammerdrum, waterplay, watertouch(tm)},
} 

@inproceedings{janzen2007,
 author = {Janzen, Ryan E. and Mann, Steve},
 title = {Arrays of water jets as user interfaces: detection and estimation of flow by listening to turbulence signatures using hydrophones},
 booktitle = {Proceedings of the 15th international conference on Multimedia},
 series = {MULTIMEDIA '07},
 year = {2007},
 isbn = {978-1-59593-702-5},
 location = {Augsburg, Germany},
 pages = {505--508},
 numpages = {4},
% url = {http://doi.acm.org/10.1145/1291233.1291357},
% doi = {10.1145/1291233.1291357},
 acmid = {1291357},
 publisher = {ACM},
 keywords = {fluid user-interfaces, hydraulophones, poiseuille, water jet},
} 

} 

@inproceedings{Mori:2009,
  author = {Mori, Maki and Kurihara, Kazutaka and Tsukada, Koji and Siio, Itiro},
  title = {Dining Presenter: Augmented Reality system for a dining tabletop},
  booktitle = {Proceedings of the 2009 ACM Conference on Ubiquitous Computing Supplemental Publication},
  series = {UbiComp '09 Supplemental},
  year = {2009},
  pages = {168--169},
  publisher = {ACM},
  %isbn = {978-1-60558-431-7},
  %location = {Orlando, Florida, USA},
}

@inproceedings{Koizumi:2011,
 author = {Koizumi, Naoya and Tanaka, Hidekazu and Uema, Yuji and Inami, Masahiko},
 title = {Chewing jockey: augmented food texture by using sound based on the cross-modal effect},
 booktitle = {Proceedings of the 8th International Conference on Advances in Computer Entertainment Technology},
 series = {ACE '11},
 year = {2011},
 isbn = {978-1-4503-0827-4},
 location = {Lisbon, Portugal},
 pages = {21:1--21:4},
 articleno = {21},
 numpages = {4},
% url = {http://doi.acm.org/10.1145/2071423.2071449},
% doi = {10.1145/2071423.2071449},
 acmid = {2071449},
 publisher = {ACM},
 keywords = {chewing, cross-modality, eating experience, food texture, sound effect},
} 

@article{Baba2007,
author="BABA TETSUAKI and USHIAMA TAKETOSHI and TOMIMATSU KIYOSHI",
title="Freqtric Drums : A Skin Contact Electronic Musical Instrument",
journal="IPSJ Journal",
ISSN="03875806",
publisher="Information Processing Society of Japan (IPSJ)",
year="2007-03-15",
volume="48",
number="3",
pages="1240-1250",
%URL="http://ci.nii.ac.jp/naid/110006223862/en/",
%DOI="",
}

@article{Okiiru2011,
author="Maho Oki and Koji Tsukada and Kazutaka Kurihara and Itiro Siio",
title="HomeOrgel: Interactive Music Box for Aural Representation of Home Activities",
journal="IPSJ Journal",
ISSN="03875806",
publisher="Information Processing Society of Japan (IPSJ)",
year="2011-04-15",
volume="52",
number="4",
pages="1586-1598",
%URL="http://ci.nii.ac.jp/naid/110008507992/en/",
%DOI="",
}
}

@inproceedings{Ishii:2001,
 author = {Ishii, Hiroshi and Mazalek, Ali and Lee, Jay},
 title = {Bottles as a minimal interface to access digital information},
 booktitle = {CHI '01 Extended Abstracts on Human Factors in Computing Systems},
 series = {CHI EA '01},
 year = {2001},
 isbn = {1-58113-340-5},
 location = {Seattle, Washington},
 pages = {187--188},
 numpages = {2},
% url = {http://doi.acm.org/10.1145/634067.634180},
% doi = {10.1145/634067.634180},
 acmid = {634180},
 publisher = {ACM},
 address = {New York, NY, USA},
 keywords = {aesthetic interface, containers, controls, interaction design, tangible interface, ubiquitous},
} 

@inproceedings{Nakamura:2012,
 author = {Nakamura, Hiromi and Miyashita, Homei},
 title = {Development and evaluation of interactive system for synchronizing electric taste and visual content},
 booktitle = {Proceedings of the SIGCHI Conference on Human Factors in Computing Systems},
 series = {CHI '12},
 year = {2012},
 isbn = {978-1-4503-1015-4},
 location = {Austin, Texas, USA},
 pages = {517--520},
 numpages = {4},
% url = {http://doi.acm.org/10.1145/2207676.2207747},
% doi = {10.1145/2207676.2207747},
 acmid = {2207747},
 publisher = {ACM},
 address = {New York, NY, USA},
 keywords = {electric taste, gustatory presentation system, latency difference of several sensations, multimodal information system},
}

@inproceedings{Nakamura:2011,
 author = {Nakamura, Hiromi and Miyashita, Homei},
 title = {Augmented gustation using electricity},
 booktitle = {Proceedings of the 2nd Augmented Human International Conference},
 series = {AH '11},
 year = {2011},
% isbn = {978-1-4503-0426-9},
 location = {Tokyo, Japan},
% pages = {34:1--34:2},
% articleno = {34},
% numpages = {2},
% url = {http://doi.acm.org/10.1145/1959826.1959860},
% doi = {10.1145/1959826.1959860},
% acmid = {1959860},
 publisher = {ACM},
% address = {New York, NY, USA},
% keywords = {augmented gustation, eating and drinking, electric taste},
} 

@inproceedings{Comber:2012,
 author = {Comber, Rob and Ganglbauer, Eva and Choi, Jaz Hee-Jeong and Hoonhout, Jettie and Rogers, Yvonne and O'Hara, Kenton and Maitland, Julie},
 title = {Food and interaction design: designing for food in everyday life},
 booktitle = {CHI '12 Extended Abstracts on Human Factors in Computing Systems},
 series = {CHI EA '12},
 year = {2012},
 pages = {2767--2770},
 publisher = {ACM},
 %isbn = {978-1-4503-1016-1},
 %location = {Austin, Texas, USA},
 %numpages = {4},
 %url = {http://doi.acm.org/10.1145/2212776.2212716},
 %doi = {10.1145/2212776.2212716},
 %acmid = {2212716},
 %address = {New York, NY, USA},
 %keywords = {alternative food cultures, food, health, human-food-interaction, interaction design, sustainability},
} 

@inproceedings{Chang:2006,
 author = {Chang, Keng-hao and Liu, Shih-yen and Chu, Hao-hua and Hsu, Jane Yung-jen and Chen, Cheryl and Lin, Tung-yun and Chen, Chieh-yu and Huang, Polly},
 title = {The diet-aware dining table: observing dietary behaviors over a tabletop surface},
 booktitle = {Proceedings of the 4th international conference on Pervasive Computing},
 series = {PERVASIVE'06},
 year = {2006},
 isbn = {3-540-33894-2, 978-3-540-33894-9},
 location = {Dublin, Ireland},
 pages = {366--382},
 numpages = {17},
% url = {http://dx.doi.org/10.1007/11748625_23},
% doi = {10.1007/11748625_23},
 acmid = {2094968},
 publisher = {Springer-Verlag},
 address = {Berlin, Heidelberg},
} 

@inproceedings{Olivier:2009,
 author = {Olivier, Patrick and Xu, Guangyou and Monk, Andrew and Hoey, Jesse},
 title = {Ambient kitchen: designing situated services using a high fidelity prototyping environment},
 booktitle = {Proceedings of the 2nd International Conference on PErvasive Technologies Related to Assistive Environments},
 series = {PETRA '09},
 year = {2009},
 isbn = {978-1-60558-409-6},
 location = {Corfu, Greece},
 pages = {47:1--47:7},
 articleno = {47},
 numpages = {7},
% url = {http://doi.acm.org/10.1145/1579114.1579161},
% doi = {10.1145/1579114.1579161},
 acmid = {1579161},
 publisher = {ACM},
 address = {New York, NY, USA},
 keywords = {kitchen tasks, multi-modal prompting, people with dementia, pervasive computing, prompting, sensor networks assistance in daily activities, ubiquitous computing},
} 

@inproceedings{Lo:2007,
 author = {Lo, Jin-Ling and Lin, Tung-Yun and Chu, Hao-Hua and Chou, Hsi-Chin and Chen, Jen-Hao and Hsu, Jane Yung-Jen and Huang, Polly},
 title = {Playful tray: adopting Ubicomp and persuasive techniques into play-based occupational therapy for reducing poor eating behavior in young children},
 booktitle = {Proceedings of the 9th international Conference on Ubiquitous Computing},
 series = {UbiComp '07},
 year = {2007},
 pages = {38--55},
 publisher = {Springer-Verlag},
 %isbn = {978-3-540-74852-6},
 %location = {Innsbruck, Austria},
 %numpages = {18},
 %url = {http://dl.acm.org/citation.cfm?id=1771592.1771595},
 %acmid = {1771595},
 %address = {Berlin, Heidelberg},
} 

@inproceedings{Narumi:2010,
 author = {Narumi, Takuji and Kajinami, Takashi and Tanikawa, Tomohiro and Hirose, Michitaka},
 title = {Meta cookie},
 booktitle = {ACM SIGGRAPH 2010 Emerging Technologies},
 series = {SIGGRAPH '10},
 year = {2010},
 isbn = {978-1-4503-0392-7},
 location = {Los Angeles, California},
 pages = {18:1--18:1},
 articleno = {18},
 numpages = {1},
% url = {http://doi.acm.org/10.1145/1836821.1836839},
% doi = {10.1145/1836821.1836839},
 acmid = {1836839},
 publisher = {ACM},
 address = {New York, NY, USA},
} 

@inproceedings{f:2010,
 author = {Hwang, Inseok and Jang, Hyukjae and Nachman, Lama and Song, Junehwa},
 title = {Exploring inter-child behavioral relativity in a shared social environment: a field study in a kindergarten},
 booktitle = {Proceedings of the 12th ACM international conference on Ubiquitous computing},
 series = {Ubicomp '10},
 year = {2010},
 isbn = {978-1-60558-843-8},
 location = {Copenhagen, Denmark},
 pages = {271--280},
 numpages = {10},
% url = {http://doi.acm.org/10.1145/1864349.1864373},
% doi = {10.1145/1864349.1864373},
 acmid = {1864373},
 publisher = {ACM},
 address = {New York, NY, USA},
 keywords = {behavior, children, kindergarten, relativity, sensors, wearable computing},
} 

@inproceedings{Chang:2008,
 author = {Chang, Yu-Chen and Lo, Jin-Ling and Huang, Chao-Ju and Hsu, Nan-Yi and Chu, Hao-Hua and Wang, Hsin-Yen and Chi, Pei-Yu and Hsieh, Ya-Lin},
 title = {Playful toothbrush: ubicomp technology for teaching tooth brushing to kindergarten children},
 booktitle = {Proceedings of the SIGCHI Conference on Human Factors in Computing Systems},
 series = {CHI '08},
 year = {2008},
 pages = {363--372},
 publisher = {ACM},
 %isbn = {978-1-60558-011-1},
 %location = {Florence, Italy},
 %numpages = {10},
 %url = {http://doi.acm.org/10.1145/1357054.1357115},
 %doi = {10.1145/1357054.1357115},
 %acmid = {1357115},
 %address = {New York, NY, USA},
 %keywords = {children, occupational therapy, persuasive technology, tooth brushing., ubiquitous computing},
}

@inproceedings{Chiu:2009,
 author = {Chiu, Meng-Chieh and Chang, Shih-Ping and Chang, Yu-Chen and Chu, Hao-Hua and Chen, Cheryl Chia-Hui and Hsiao, Fei-Hsiu and Ko, Ju-Chun},
 title = {Playful Bottle: A Mobile Social Persuasion System to Motivate Healthy Water Intake},
 booktitle = {Proceedings of the 11th International Conference on Ubiquitous Computing},
 series = {Ubicomp '09},
 year = {2009},
 isbn = {978-1-60558-431-7},
 location = {Orlando, Florida, USA},
 pages = {185--194},
 numpages = {10},
 url = {http://doi.acm.org/10.1145/1620545.1620574},
 doi = {10.1145/1620545.1620574},
 acmid = {1620574},
 publisher = {ACM},
 address = {New York, NY, USA},
 keywords = {hydration behavior, mobile computing, persuasive technology, ubiquitous computting},
} 

@article{Bardram:2007,
 author = {Bardram, Jakob E. and Christensen, Henrik B.},
 title = {Pervasive Computing Support for Hospitals: An Overview of the Activity-Based Computing Project},
 journal = {IEEE Pervasive Computing},
 issue_date = {January 2007},
 volume = {6},
 number = {1},
 month = jan,
 year = {2007},
 issn = {1536-1268},
 pages = {44--51},
 numpages = {8},
 url = {http://dx.doi.org/10.1109/MPRV.2007.19},
 doi = {10.1109/MPRV.2007.19},
 acmid = {1262551},
 publisher = {IEEE Educational Activities Department},
 address = {Piscataway, NJ, USA},
 keywords = {activity centered computing, activity-based computing, activity-based computing, context-aware computing, pervasive healthcare, hospitals, medical informatics, user-centered design, activity centered computing, context-aware computing, hospitals, medical informatics, pervasive healthcare, user-centered design},
} 

@inproceedings{Mazilu:2014,
 author = {Mazilu, Sinziana and Blanke, Ulf and Hardegger, Michael and Tr\"{o}ster, Gerhard and Gazit, Eran and Hausdorff, Jeffrey M.},
 title = {GaitAssist: A Daily-life Support and Training System for Parkinson's Disease Patients with Freezing of Gait},
 booktitle = {Proceedings of the SIGCHI Conference on Human Factors in Computing Systems},
 series = {CHI '14},
 year = {2014},
 isbn = {978-1-4503-2473-1},
 location = {Toronto, Ontario, Canada},
 pages = {2531--2540},
 numpages = {10},
 url = {http://doi.acm.org/10.1145/2556288.2557278},
 doi = {10.1145/2556288.2557278},
 acmid = {2557278},
 publisher = {ACM},
 address = {New York, NY, USA},
 keywords = {freezing of gait, gait impairment, on-body sensors, user-centered, wearable support},
} 

@inproceedings{Toscos:2012,
 author = {Toscos, Tammy and Connelly, Kay and Rogers, Yvonne},
 title = {Best intentions: health monitoring technology and children},
 booktitle = {Proceedings of the 2012 ACM annual conference on Human Factors in Computing Systems},
 series = {CHI '12},
 year = {2012},
 isbn = {978-1-4503-1015-4},
 location = {Austin, Texas, USA},
 pages = {1431--1440},
 numpages = {10},
% url = {http://doi.acm.org/10.1145/2208516.2208603},
% doi = {10.1145/2208516.2208603},
 acmid = {2208603},
 publisher = {ACM},
 address = {New York, NY, USA},
 keywords = {children and parents, diabetes management, health monitoring, pervasive technology, understanding users},
} 

@inproceedings{Hayashi:2012,
 author = {Hayashi, Eiji and Rau, Martina and Neo, Zhe Han and Tan, Nastasha and Ramasubramanian, Sriram and Paulos, Eric},
 title = {TimeBlocks: mom, can I have another block of time},
 booktitle = {Proceedings of the 2012 ACM annual conference on Human Factors in Computing Systems},
 series = {CHI '12},
 year = {2012},
 isbn = {978-1-4503-1015-4},
 location = {Austin, Texas, USA},
 pages = {1713--1716},
 numpages = {4},
% url = {http://doi.acm.org/10.1145/2208276.2208299},
% doi = {10.1145/2208276.2208299},
 acmid = {2208299},
 publisher = {ACM},
 address = {New York, NY, USA},
 keywords = {interaction design for children, tangible interface},
} 

@inproceedings{Silver2009,
 author = {Silver, Jay S.},
 title = {Nature as interface: MacGyver'ing and Martha-Stewart'ing interactivity with trees, pencils, grandpa, even the kitchen sink},
 booktitle = {Proceedings of the seventh ACM conference on Creativity and cognition},
 series = {C\symbol{'046}C '09},
 year = {2009},
 isbn = {978-1-60558-865-0},
 location = {Berkeley, California, USA},
 pages = {483--484},
 numpages = {2},
% url = {http://doi.acm.org/10.1145/1640233.1640367},
% doi = {10.1145/1640233.1640367},
 acmid = {1640367},
 publisher = {ACM},
 address = {New York, NY, USA},
 keywords = {constructionism, drawdio, interconnector, interduct, interface, modern nature, nature},
} 

@inproceedings{Deterding:2011,
 author = {Deterding, Sebastian and Sicart, Miguel and Nacke, Lennart and O'Hara, Kenton and Dixon, Dan},
 title = {Gamification. using game-design elements in non-gaming contexts},
 booktitle = {CHI '11 Extended Abstracts on Human Factors in Computing Systems},
 series = {CHI EA '11},
 year = {2011},
 location = {Vancouver, BC, Canada},
 pages = {2425--2428},
 numpages = {4},
% url = {http://doi.acm.org/10.1145/1979482.1979575},
% doi = {http://doi.acm.org/10.1145/1979482.1979575},
 acmid = {1979575},
 publisher = {ACM},
 address = {New York, NY, USA},
 keywords = {design patterns, funology, game design, games with a purpose, gamification, motivational affordances, persuasive technology},
} 

@inproceedings{Rudchenko:2011,
 author = {Rudchenko, Dmitry and Paek, Tim and Badger, Eric},
 title = {Text text revolution: a game that improves text entry on mobile touchscreen keyboards},
 booktitle = {Proceedings of the 9th international conference on Pervasive computing},
 series = {Pervasive'11},
 year = {2011},
 isbn = {978-3-642-21725-8},
 location = {San Francisco, USA},
 pages = {206--213},
 numpages = {8},
% url = {http://dl.acm.org/citation.cfm?id=2021975.2021993},
 acmid = {2021993},
 publisher = {Springer-Verlag},
 address = {Berlin, Heidelberg},
 keywords = {game, key-target resizing, text entry, touchscreen keyboard},
} 

@inproceedings{Kam:2008,
 author = {Kam, Matthew and Agarwal, Aishvarya and Kumar, Anuj and Lal, Siddhartha and Mathur, Akhil and Tewari, Anuj and Canny, John},
 title = {Designing e-learning games for rural children in India: a format for balancing learning with fun},
 booktitle = {Proceedings of the 7th ACM conference on Designing interactive systems},
 series = {DIS '08},
 year = {2008},
 isbn = {978-1-60558-002-9},
 location = {Cape Town, South Africa},
 pages = {58--67},
 numpages = {10},
% url = {http://doi.acm.org/10.1145/1394445.1394452},
% doi = {10.1145/1394445.1394452},
 acmid = {1394452},
 publisher = {ACM},
 address = {New York, NY, USA},
 keywords = {English as a second language, cellphone, developing world, digital divide, e-learning, games, language learning, mobile games, mobile learning, serious games, third world},
} 

@inproceedings{Hooper:2012,
 author = {Hooper, Clare J. and Preston, Anne and Balaam, Madeline and Seedhouse, Paul and Jackson, Daniel and Pham, Cuong and Ladha, Cassim and Ladha, Karim and Pl\"{o}tz, Thomas and Olivier, Patrick},
 title = {The french kitchen: task-based learning in an instrumented kitchen},
 booktitle = {Proceedings of the 2012 ACM Conference on Ubiquitous Computing},
 series = {UbiComp '12},
 year = {2012},
 isbn = {978-1-4503-1224-0},
 location = {Pittsburgh, Pennsylvania},
 pages = {193--202},
 numpages = {10},
% url = {http://doi.acm.org/10.1145/2370216.2370246},
% doi = {10.1145/2370216.2370246},
 acmid = {2370246},
 publisher = {ACM},
 address = {New York, NY, USA},
 keywords = {building-people interaction, instrumented environment, situated interaction, task-based learning},
} 

@inproceedings{Gellersen:1999,
 author = {Gellersen, Hans-Werner and Beigl, Michael and Krull, Holger},
 title = {The MediaCup: Awareness Technology Embedded in a Everyday Object},
 booktitle = {Proceedings of the 1st international symposium on Handheld and Ubiquitous Computing},
 series = {HUC '99},
 year = {1999},
 isbn = {3-540-66550-1},
 location = {Karlsruhe, Germany},
 pages = {308--310},
 numpages = {3},
% url = {http://dl.acm.org/citation.cfm?id=647985.743864},
 acmid = {743864},
 publisher = {Springer-Verlag},
 address = {London, UK, UK},
} 

@inproceedings{Silver:2009,
 author = {Silver, Jay S.},
 title = {Nature as interface: MacGyver'ing and Martha-Stewart'ing interactivity with trees, pencils, grandpa, even the kitchen sink},
 booktitle = {Proceedings of the seventh ACM conference on Creativity and cognition},
 series = {C\symbol{'046}C '09},
 year = {2009},
 isbn = {978-1-60558-865-0},
 location = {Berkeley, California, USA},
 pages = {483--484},
 numpages = {2},
% url = {http://doi.acm.org/10.1145/1640233.1640367},
% doi = {10.1145/1640233.1640367},
 acmid = {1640367},
 publisher = {ACM},
 address = {New York, NY, USA},
 keywords = {constructionism, drawdio, interconnector, interduct, interface, modern nature, nature},
} 

@inproceedings{Narumi:2011,
 author = {Narumi, Takuji and Nishizaka, Shinya and Kajinami, Takashi and Tanikawa, Tomohiro and Hirose, Michitaka},
 title = {Augmented reality flavors: gustatory display based on edible marker and cross-modal interaction},
 booktitle = {Proceedings of the SIGCHI Conference on Human Factors in Computing Systems},
 series = {CHI '11},
 year = {2011},
 isbn = {978-1-4503-0228-9},
 location = {Vancouver, BC, Canada},
 pages = {93--102},
 numpages = {10},
% url = {http://doi.acm.org/10.1145/1978942.1978957},
% doi = {10.1145/1978942.1978957},
 acmid = {1978957},
 publisher = {ACM},
 address = {New York, NY, USA},
 keywords = {augmented reality, cross-modal interaction, edible marker, gustatory display, pseudo-gustation},
} 

@inproceedings{Tsujita:2010,
 author = {Tsujita, Hitomi and Tsukada, Koji and Kambara, Keisuke and Siio, Itiro},
 title = {Complete fashion coordinator: a support system for capturing and selecting daily clothes with social networks},
 booktitle = {Proceedings of the International Conference on Advanced Visual Interfaces},
 series = {AVI '10},
 year = {2010},
 isbn = {978-1-4503-0076-6},
 location = {Roma, Italy},
 pages = {127--132},
 numpages = {6},
% url = {http://doi.acm.org/10.1145/1842993.1843016},
% doi = {10.1145/1842993.1843016},
 acmid = {1843016},
 publisher = {ACM},
 address = {New York, NY, USA},
 keywords = {communication, fashion coordination, recommendation, social network},
} 

@inproceedings{Tajima:2011,
  author = {Tajima, Nanami and Tsukada, Koji and Siio, Itiro},
  title = {AwareHanger: Context-aware hanger for detecting laundry states},
  booktitle = {Proceedings of the 9th international conference on Pervasive computing},
  series = {Pervasive'11},
  year = {2011},
  pages = {13--16},
  publisher = {ACM},
}

@inproceedings{Toscos:2012,
 author = {Toscos, Tammy and Connelly, Kay and Rogers, Yvonne},
 title = {Best Intentions: Health Monitoring Technology and Children},
 booktitle = {Proceedings of the SIGCHI Conference on Human Factors in Computing Systems},
 series = {CHI '12},
 year = {2012},
 pages = {1431--1440},
 publisher = {ACM},
} 


@inproceedings{Azusa-edu:2013,
 author = {Kadomura, Azusa and Tsukada, Koji and Siio, Itiro},
 title = {EducaTableware: Computer-augmented Tableware to Enhance the Eating Experiences},
 booktitle = {CHI '13 Extended Abstracts on Human Factors in Computing Systems},
 series = {CHI EA '13},
 year = {2013},
 pages = {3071--3074},
 publisher = {ACM},
 %isbn = {978-1-4503-1952-2},
 %location = {Paris, France},
 %numpages = {4},
 %url = {http://doi.acm.org/10.1145/2468356.2479613},
 %doi = {10.1145/2468356.2479613},
 %acmid = {2479613},
% address = {New York, NY, USA},
% keywords = {children, dietary education, gamification, tableware, ubiquitous computing},
} 

@article{SVM,
 author = {Chang, Chih-Chung and Lin, Chih-Jen},
 title = {LIBSVM: A library for support vector machines},
 journal = {ACM Trans. Intell. Syst. Technol.},
 volume = {2},
 number = {3,},
 year = {2011},
 pages = {27:1--27:27},
 publisher = {ACM},
}

@article{Blackburn:2005,
author = {Broadbent, Arthur D. Blackburn, George L and Waltman, Belinda A},
title = {Physician's guide to the new 2005 dietary guidelines: how best to counsel patients},
journal = {Cleveland Clinic Journal of Medicine},
volume = {72},
number = {7},
year = {2005},
pages = {609--618},
publisher = {Wiley Subscription Services, Inc., A Wiley Company},
}

@inproceedings{Parker:2013,
 author = {Parker, Andrea Grimes and McClendon, Ian and Grevet, Catherine and Ayo, Victoria and Chung, WonTaek and Johnson, Veda and Mynatt, Elizabeth D.},
 title = {I am what i eat: identity \& critical thinking in an online health forum for kids},
 booktitle = {Proceedings of the SIGCHI Conference on Human Factors in Computing Systems},
 series = {CHI '13},
 year = {2013},
 pages = {2437--2446},
 publisher = {ACM},
 %isbn = {978-1-4503-1899-0},
 %location = {Paris, France},
 %numpages = {10},
 %url = {http://doi.acm.org/10.1145/2470654.2481338},
 %doi = {10.1145/2470654.2481338},
 %acmid = {2481338},
 %address = {New York, NY, USA},
 %keywords = {cscw, health, identity, kids, nutrition, online community},
} 

@inproceedings{Grimes:2008,
 author = {Grimes, Andrea and Harper, Richard},
 title = {Celebratory technology: new directions for food research in HCI},
 booktitle = {Proceedings of the SIGCHI Conference on Human Factors in Computing Systems},
 series = {CHI '08},
 year = {2008},
 pages = {467--476},
 publisher = {ACM},
 %isbn = {978-1-60558-011-1},
 %location = {Florence, Italy},
 %numpages = {10},
 %url = {http://doi.acm.org/10.1145/1357054.1357130},
 %doi = {10.1145/1357054.1357130},
 %acmid = {1357130},
 %address = {New York, NY, USA},
 %keywords = {cooking, domestic technology, eating, food, smart homes},
} 


@inproceedings{Mansour:2009,
 author = {Mansour, Anna and Barve, Mugdha and Bhat, Sushama and Do, Ellen Yi-Luen},
 title = {MunchCrunch: a game to learn healthy-eating heuristics},
 booktitle = {Proceedings of the 8th International Conference on Interaction Design and Children},
 series = {IDC '09},
 year = {2009},
 pages = {166--169},
 publisher = {ACM},
 %isbn = {978-1-60558-395-2},
 %location = {Como, Italy},
 %numpages = {4},
 %url = {http://doi.acm.org/10.1145/1551788.1551818},
 %doi = {10.1145/1551788.1551818},
 %acmid = {1551818},
 %address = {New York, NY, USA},
 %keywords = {adolescents, children, food pyramid, health, healthy eating, tangible game},
} 


@inproceedings{Azusa-ubi:2013,
 author = {Kadomura, Azusa and Li, Cheng-Yuan and Chen, Yen-Chang and Chu, Hao-Hua and Tsukada, Koji and Siio, Itiro},
 title = {Sensing Fork and Persuasive Game for Improving Eating Behavior},
 booktitle = {Proceedings of the 2013 ACM Conference on Pervasive and Ubiquitous Computing Adjunct Publication},
 series = {UbiComp '13 Adjunct},
 year = {2013},
 pages = {71--74},
 publisher = {ACM},
 %isbn = {978-1-4503-2215-7},
 %location = {Zurich, Switzerland},
 %numpages = {4},
 %url = {http://doi.acm.org/10.1145/2494091.2494112},
 %doi = {10.1145/2494091.2494112},
 %acmid = {2494112},
 %address = {New York, NY, USA},
 %keywords = {eating behavior, food recognition, gamification, mobile, persuasive computing, sensing, ubiquitous computing},
} 

@inproceedings{Azusa-chi:2013,
 author = {Kadomura, Azusa and Li, Cheng-Yuan and Chen, Yen-Chang and Tsukada, Koji and Siio, Itiro and Chu, Hao-Hua},
 title = {Sensing Fork: Eating Behavior Detection Utensil and Mobile Persuasive Game},
 booktitle = {CHI '13 Extended Abstracts on Human Factors in Computing Systems},
 series = {CHI EA '13},
 year = {2013},
 pages = {1551--1556},
 publisher = {ACM},
 %isbn = {978-1-4503-1952-2},
 %location = {Paris, France},
 %numpages = {6},
 %url = {http://doi.acm.org/10.1145/2468356.2468634},
 %doi = {10.1145/2468356.2468634},
 %acmid = {2468634},
 %address = {New York, NY, USA},
 %keywords = {chilren's eating behavior, eating action detection, food recogniction, gamification, mobile computing, persuasive computing},
} 



@ARTICLE{digitally, 
author={Schoning, J. and Rogers, Y. and Kruger, A.}, 
journal={Pervasive Computing, IEEE}, 
title={Digitally Enhanced Food}, 
year={2012}, 
volume={11}, 
number={3}, 
pages={4-6}, 
keywords={CAD;food processing industry;production engineering computing;ubiquitous computing;DEF;DPF;computer-assisted food design;digitally enhanced food;digitally produced food;food replication;pervasive computing;Agriculture;Design automation;Digital systems;Food products;Food technology;Qkies;computer-assisted food design;digitally enhanced food;digitally produced food}, 
%doi={10.1109/MPRV.2012.40}, 
ISSN={1536-1268},}


@inproceedings{Barden:2012,
 author = {Barden, Pollie and Comber, Rob and Green, David and Jackson, Daniel and Ladha, Cassim and Bartindale, Tom and Bryan-Kinns, Nick and Stockman, Tony and Olivier, Patrick},
 title = {Telematic dinner party: designing for togetherness through play and performance},
 booktitle = {Proceedings of the Designing Interactive Systems Conference},
 series = {DIS '12},
 year = {2012},
 isbn = {978-1-4503-1210-3},
 location = {Newcastle Upon Tyne, United Kingdom},
 pages = {38--47},
 numpages = {10},
% url = {http://doi.acm.org/10.1145/2317956.2317964},
% doi = {10.1145/2317956.2317964},
 acmid = {2317964},
 publisher = {ACM},
 address = {New York, NY, USA},
 keywords = {casual group collaboration, play, remote agency, social structure, telematic dinner party, togetherness},
} 

@inproceedings{Narumi:2012,
 author = {Narumi, Takuji and Ban, Yuki and Kajinami, Takashi and Tanikawa, Tomohiro and Hirose, Michitaka},
 title = {Augmented perception of satiety: controlling food consumption by changing apparent size of food with augmented reality},
 booktitle = {Proceedings of the SIGCHI Conference on Human Factors in Computing Systems},
 series = {CHI '12},
 year = {2012},
 isbn = {978-1-4503-1015-4},
 location = {Austin, Texas, USA},
 pages = {109--118},
 numpages = {10},
% url = {http://doi.acm.org/10.1145/2207676.2207693},
% doi = {10.1145/2207676.2207693},
 acmid = {2207693},
 publisher = {ACM},
 address = {New York, NY, USA},
 keywords = {augmented reality, cross-modal interaction, human food interaction, perception of satiety},
} 

@article{Fogg:2002,
 author = {Fogg, B. J.},
 title = {Persuasive technology: using computers to change what we think and do},
 journal = {Ubiquity},
 volume = {2002},
 number = {December},
 year = {2002},
 publisher = {ACM},
 %issue_date = {December 1 - December 31, 2002},
 %issn = {1530-2180},
 %articleno = {5},
 %url = {http://doi.acm.org/10.1145/764008.763957},
 %doi = {10.1145/764008.763957},
 %acmid = {763957},
 %address = {New York, NY, USA},
} 

@inproceedings{Kratz:2009,
 author = {Kratz, Sven and Rohs, Michael},
 title = {HoverFlow: Expanding the Design Space of Around-device Interaction},
 booktitle = {Proceedings of the MobileHCI '09},
 %booktitle = {Proceedings of the 11th International Conference on Human-Computer Interaction with Mobile Devices and Services},
 %series = {MobileHCI '09},
 year = {2009},
 %isbn = {978-1-60558-281-8},
 location = {Bonn, Germany},
 pages = {4:1--4:8},
 articleno = {4},
 numpages = {8},
 %url = {http://doi.acm.org/10.1145/1613858.1613864},
 %doi = {10.1145/1613858.1613864},
 %acmid = {1613864},
 publisher = {ACM},
 %address = {New York, NY, USA},
 %keywords = {around-device interaction, gestures, mobile devices, proximity sensors, wearable devices},
} 

@inproceedings{Harrison:2009,
 author = {Harrison, Chris and Hudson, Scott E.},
 booktitle = {Proceedings of the UIST '09},
 title = {Abracadabra: Wireless, High-precision, and Unpowered Finger Input for Very Small Mobile Devices},
 %booktitle = {Proceedings of the 22nd Annual ACM Symposium on User Interface Software and Technology},
 %series = {UIST '09},
 year = {2009},
 %isbn = {978-1-60558-745-5},
 location = {Victoria, BC, Canada},
 pages = {121--124},
 numpages = {4},
 %url = {http://doi.acm.org/10.1145/1622176.1622199},
 %doi = {10.1145/1622176.1622199},
 %acmid = {1622199},
 publisher = {ACM},
 %address = {New York, NY, USA},
 %keywords = {cursor, finger input, gesture, interaction techniques, magnetic, mobile devices, pointing, small screens},
} 

@inproceedings{Ketabdar:2010,
 author = {Ketabdar, Hamed and Y\"{u}ksel, Kamer Ali and Roshandel, Mehran},
 title = {MagiTact: Interaction with Mobile Devices Based on Compass (Magnetic) Sensor},
 booktitle = {Proceedings of the IUI '10},
 %booktitle = {Proceedings of the 15th International Conference on Intelligent User Interfaces},
 %series = {IUI '10},
 year = {2010},
 %isbn = {978-1-60558-515-4},
 location = {Hong Kong, China},
 pages = {413--414},
 numpages = {2},
 %url = {http://doi.acm.org/10.1145/1719970.1720048},
 %doi = {10.1145/1719970.1720048},
 %acmid = {1720048},
 publisher = {ACM},
 %address = {New York, NY, USA},
 %keywords = {around device interaction, compass (magnetic) sensor, magnet, mobile devices, movement-based gestures},
} 

@inproceedings{Ashbrook:2011,
 author = {Ashbrook, Daniel and Baudisch, Patrick and White, Sean},
 title = {Nenya: Subtle and Eyes-free Mobile Input with a Magnetically-tracked Finger Ring},
 booktitle = {Proceedings of the CHI '11},
 %booktitle = {Proceedings of the SIGCHI Conference on Human Factors in Computing Systems},
 %series = {CHI '11},
 year = {2011},
 %isbn = {978-1-4503-0228-9},
 location = {Vancouver, BC, Canada},
 pages = {2043--2046},
 numpages = {4},
 %url = {http://doi.acm.org/10.1145/1978942.1979238},
 %doi = {10.1145/1978942.1979238},
 %acmid = {1979238},
 publisher = {ACM},
 %address = {New York, NY, USA},
 %keywords = {eyes-free, finger ring, jewelry, mobile, one-handed, screen-less, subtle, two-handed, wearable, wristwatch},
} 

@inproceedings{Chen:2013,
 author = {Chen, Ke-Yu and Lyons, Kent and White, Sean and Patel, Shwetak},
 title = {uTrack: 3D Input Using Two Magnetic Sensors},
 booktitle = {Proceedings of the UIST '13},
 %booktitle = {Proceedings of the 26th Annual ACM Symposium on User Interface Software and Technology},
 %series = {UIST '13},
 year = {2013},
 %isbn = {978-1-4503-2268-3},
 location = {St. Andrews, Scotland, United Kingdom},
 pages = {237--244},
 numpages = {8},
 %url = {http://doi.acm.org/10.1145/2501988.2502035},
 %doi = {10.1145/2501988.2502035},
 %acmid = {2502035},
 publisher = {ACM},
 %address = {New York, NY, USA},
 %keywords = {3d, finger, interaction, magnetic-field, mf, pointing, sensing},
} 

@inproceedings{Hwang:2013,
 author = {Hwang, Sungjae and Kim, Dongchul and Leigh, Sang-won and Wohn, Kwang-yun},
 title = {NailSense: Fingertip Force As a New Input Modality},
 booktitle = {Proceedings of the UIST '13 Adjunct},
 %booktitle = {Proceedings of the Adjunct Publication of the 26th Annual ACM Symposium on User Interface Software and Technology},
 %series = {UIST '13 Adjunct},
 year = {2013},
 %isbn = {978-1-4503-2406-9},
 location = {St. Andrews, Scotland, United Kingdom},
 pages = {63--64},
 numpages = {2},
 %url = {http://doi.acm.org/10.1145/2508468.2514711},
 %doi = {10.1145/2508468.2514711},
 %acmid = {2514711},
 publisher = {ACM},
 %address = {New York, NY, USA},
 %keywords = {around-device interaction(adi), computer vision, fingernail, mobile device, natural user interface (nui)},
} 

@inproceedings{Vega:2013,
 author = {Vega, Katia and Fuks, Hugo},
 title = {Beauty Technology As an Interactive Computing Platform},
 booktitle = {Proceedings of the ITS '13},
 %booktitle = {Proceedings of the 2013 ACM International Conference on Interactive Tabletops and Surfaces},
 %series = {ITS '13},
 year = {2013},
 %isbn = {978-1-4503-2271-3},
 location = {St. Andrews, Scotland, United Kingdom},
 pages = {357--360},
 numpages = {4},
 %url = {http://doi.acm.org/10.1145/2512349.2512399},
 %doi = {10.1145/2512349.2512399},
 %acmid = {2512399},
 publisher = {ACM},
 %address = {New York, NY, USA},
 %keywords = {beauty technology, muscle based interfaces, wearable computers},
} 

@inproceedings{Liang:2012,
 author = {Liang, Rong-Hao and Cheng, Kai-Yin and Chen, Bing-Yu and Yang, De-Nian},
 title = {GaussSketch: Add-on Magnetic Sensing for Natural Sketching on Smartphones},
 booktitle = {ACM SIGGRAPH '12 Posters},
 series = {SIGGRAPH '12},
 year = {2012},
 %isbn = {978-1-4503-1682-8},
 location = {Los Angeles, California},
 pages = {39:1--39:1},
 articleno = {39},
 numpages = {1},
 %url = {http://doi.acm.org/10.1145/2342896.2342948},
 %doi = {10.1145/2342896.2342948},
 %acmid = {2342948},
 publisher = {ACM},
 %address = {New York, NY, USA},
}

@inproceedings{Hwang2:2013,
 author = {Hwang, Sungjae and Ahn, Myungwook and Wohn, Kwang-yun},
 title = {MagGetz: Customizable Passive Tangible Controllers on and Around Conventional Mobile Devices},
 booktitle = {Proceedings of the 26th Annual ACM Symposium on User Interface Software and Technology},
 series = {UIST '13},
 year = {2013},
 pages = {411--416},
 publisher = {ACM},
 %isbn = {978-1-4503-2268-3},
 %location = {St. Andrews, Scotland, United Kingdom},
 %numpages = {6},
 %url = {http://doi.acm.org/10.1145/2501988.2501991},
 %doi = {10.1145/2501988.2501991},
 %acmid = {2501991},
 %address = {New York, NY, USA},
 %keywords = {around device interaction (adi), magnetometer, mobile device, pressure input, tangible user interface (tui)},
} 

@inproceedings{Chan:2013,
 author = {Chan, Liwei and Liang, Rong-Hao and Tsai, Ming-Chang and Cheng, Kai-Yin and Su, Chao-Huai and Chen, Mike Y. and Cheng, Wen-Huang and Chen, Bing-Yu},
 title = {FingerPad: Private and Subtle Interaction Using Fingertips},
 booktitle = {Proceedings of the 26th Annual ACM Symposium on User Interface Software and Technology},
 series = {UIST '13},
 year = {2013},
 pages = {255--260},
 publisher = {ACM},
 %isbn = {978-1-4503-2268-3},
 %location = {St. Andrews, Scotland, United Kingdom},
 %numpages = {6},
 %url = {http://doi.acm.org/10.1145/2501988.2502016},
 %doi = {10.1145/2501988.2502016},
 %acmid = {2502016},
 %address = {New York, NY, USA},
 %keywords = {eyes-free interaction, finger-mounted device, instant-available, nail device, private input, subtle interaction},
}

@inproceedings{Lin:2006,
 author = {Lin, James J. and Mamykina, Lena and Lindtner, Silvia and Delajoux, Gregory and Strub, Henry B.},
 title = {Fish'N'Steps: Encouraging Physical Activity with an Interactive Computer Game},
 booktitle = {Proceedings of the 8th International Conference on Ubiquitous Computing},
 series = {UbiComp'06},
 year = {2006},
 pages = {261--278},
 publisher = {Springer-Verlag},
 %isbn = {3-540-39634-9, 978-3-540-39634-5},
 %location = {Orange County, CA},
 %numpages = {18},
 %url = {http://dx.doi.org/10.1007/11853565_16},
 %doi = {10.1007/11853565_16},
 %acmid = {2166299},
 %address = {Berlin, Heidelberg},
} 

@inproceedings{Grimes:2010,
 author = {Grimes, Andrea and Kantroo, Vasudhara and Grinter, Rebecca E.},
 title = {Let's Play!: Mobile Health Games for Adults},
 booktitle = {Proceedings of the 12th ACM International Conference on Ubiquitous Computing},
 series = {Ubicomp '10},
 year = {2010},
 pages = {241--250},
 publisher = {ACM},
 %isbn = {978-1-60558-843-8},
 %location = {Copenhagen, Denmark},
 %numpages = {10},
 %url = {http://doi.acm.org/10.1145/1864349.1864370},
 %doi = {10.1145/1864349.1864370},
 %acmid = {1864370},
 %address = {New York, NY, USA},
 %keywords = {behavior change, casual games, food, health, mobile games, nutrition, transtheoretical model},
} 

@article {Broadbent:2004,
author = {Broadbent, Arthur D.},
title = {A critical review of the development of the CIE1931 RGB color-matching functions},
journal = {Color Research and Application},
volume = {29},
number = {4}
year = {2004},
pages = {267--272},
publisher = {Wiley Subscription Services, Inc., A Wiley Company},
%issn = {1520-6378},
%url = {http://dx.doi.org/10.1002/col.20020},
%doi = {10.1002/col.20020},
%keywords = {CIE system, CIE1931 RGB system, colorimetry, color coordinate transformations},
}

@book{empathy,
author = {Perry, Bruce D and Szalavitz, Maia},
title = {Born for Love: Why Empathy Is Essential and Endangered},
publisher = {HarperCollins Publishers},
year = {2010},
}

@book{goshoku,
author = {Sugimoto, Keiko},
title = {Fun and Delicious Five-colored Balanced Food Hygiene: For Preventing and Overcoming of Lifestyle Diseases (in Japanese)},
publisher = {Footwork Publishers},
year = {1998},
}

%@book{goshoku,
%author = {恵子, 杉本},
%title = {おいしく楽しく食材5色バランス健康法},
%publisher = {フットワーク出版},
%year = {1998},
%}

@inproceedings{Yang:2012,
 author = {Yang, Xing-Dong and Grossman, Tovi and Wigdor, Daniel and Fitzmaurice, George},
 title = {Magic Finger: Always-available Input Through Finger Instrumentation},
 booktitle = {Proceedings of the 25th Annual ACM Symposium on User Interface Software and Technology},
 series = {UIST '12},
 year = {2012},
 pages = {147--156},
 publisher = {ACM},
 %isbn = {978-1-4503-1580-7},
 %location = {Cambridge, Massachusetts, USA},
 %numpages = {10},
 %url = {http://doi.acm.org/10.1145/2380116.2380137},
 %doi = {10.1145/2380116.2380137},
 %acmid = {2380137},
 %address = {New York, NY, USA},
 %keywords = {always-available input, contextual action, gesture input, texture reorganization, touch input},
} 

@inproceedings{Consolvo:2008,
 author = {Consolvo, Sunny and McDonald, David W. and Toscos, Tammy and Chen, Mike Y. and Froehlich, Jon and Harrison, Beverly and Klasnja, Predrag and LaMarca, Anthony and LeGrand, Louis and Libby, Ryan and Smith, Ian and Landay, James A.},
 title = {Activity Sensing in the Wild: A Field Trial of Ubifit Garden},
 booktitle = {Proceedings of the SIGCHI Conference on Human Factors in Computing Systems},
 series = {CHI '08},
 year = {2008},
 pages = {1797--1806},
 publisher = {ACM},
 %isbn = {978-1-60558-011-1},
 %location = {Florence, Italy},
 %numpages = {10},
 %url = {http://doi.acm.org/10.1145/1357054.1357335},
 %doi = {10.1145/1357054.1357335},
 %acmid = {1357335},
 %address = {New York, NY, USA},
 %keywords = {activity inference, activity-based applications, ambient display, fitness, mobile phone, persuasive technology, physical activity, sensing},
} 

@article{Priewasser:2013,
author = {Beate Priewasser and Johannes Roessler and Josef Perner},
title = {Competition as rational action: Why young children cannot appreciate competitive games},
journal = {Journal of Experimental Child Psychology},
volume = {116},
number = {2},
year = {2013},
pages = {545--559},
publisher = {Elsevier},
}



@article{Thematic:2006,
author = {Braun, Virginia and Clarke, Victoria},
title = {Using thematic analysis in psychology},
journal = {Qualitative Research in Psychology},
volume = {3},
number = {2},
pages = {77-101},
year = {2006},
doi = {10.1191/1478088706qp063oa},
}

@misc{acrobat,
  key = "acrobat",
  title = {{Adobe Acrobat Reader 7}},
   note = {\url{http://www.adobe.com/products/acrobat/}}
}


@book{shaikh1995,
  title={{Essentials of Anaesthetic Equipment}},
  author={Al-Shaikh, B. and Stacey, S.},
  isbn={9780443050695},
  year={1995},
  publisher={Churchill Livingstone}
}


@article{Barrett2014,
    author = {Barrett, P. M. and Komatireddy, R. and Haaser, S. and Topol, S. and Sheard, J. and Encinas, J. and Fought, A. J. and Topol, E. J.},
    journal = {The American Journal of Medicine},
    month = oct,
    title = {{Comparison of 24 Hour Holter Monitoring Versus 14 Day Novel Adhesive Patch Electrocardiographic Monitoring}},
    year = {2013}
}


@INPROCEEDINGS{Chan2013,
author={Chan, A.M. and Ferdosi, N. and Narasimhan, R.}, 
booktitle={Proc. IEEE EMBS 2013}, 
title={{Ambulatory Respiratory Rate Detection using ECG and a Triaxial Accelerometer}}, 
year={2013}, 
month={July}, 
pages={4058-4061}, 
} 
 
@book{Dacre2002,
  title={{A Handbook of Clinical Skills}},
  author={Dacre, J. and Kopelman, P.G.},
  year={2002},
  publisher={Manson}
}

@book{Freitas1999,
    author = {Freitas, Robert A.},
    publisher = {Landes Bioscience},
    title = {{Nanomedicine, Vol. I: Basic Capabilities}},
    year = {1999}
}

@inproceedings{Rahman2014,
 author = {Rahman, Tauhidur and Adams, Alexander T. and Zhang, Mi and Cherry, Erin and Zhou, Bobby and Peng, Huaishu and Choudhury, Tanzeem},
 title = {{BodyBeat: A Mobile System for Sensing Non-speech Body Sounds}},
 booktitle = {Proc. ACM MobiSys 2014},
 series = {MobiSys '14},
 year = {2014},
 pages = {2--13},
 publisher = {ACM},
} 

@book{Thomas2007,
    author = {James Thomas and Tanya Monaghan},
    publisher = {Oxford University Press},
    title = {{Oxford Handbook of Clinical Examination and Practical Skills}},
    year = {2007}
}



@misc{acm_categories,
  key = "association",
  title = {{How to Classify Works Using ACM's Computing Classification System}},
  note = {\url{http://www.acm.org/class/how_to_use.html}},
},

@inproceedings{Klemmer:2002:WSC:503376.503378,
 author = {Klemmer, Scott R. and Thomsen, Michael and Phelps-Goodman, Ethan and Lee, Robert and Landay, James A.},
 title = {Where do web sites come from?: capturing and interacting with design history},
 booktitle = {Proc. CHI 2002},
 year = {2002},
 pages = {1--8},
 publisher = {ACM Press},
} 

@inproceedings{Mather:2000:MUT,
  title = {Making up titles for conference papers},
  author = {Mather, B. D.},
  booktitle = {Ext. Abstracts CHI 2000},
  year = 2000,
  publisher = "ACM Press",
  pages = "1-2",
}

@book{Schwartz:1995:GBF,
  title = {{Guidelines for Bias-Free Writing}},
  author = {Schwartz, Marilyn},
  publisher = {Indiana University Press},
  location = {Bloomington, IN, USA},
  year = 1995,
}

@inproceedings{Zellweger:2001:FAO:504216.504224,
 author = {Zellweger, Polle T. and Bouvin, Niels Olof and Jeh{\o}j, Henning and Mackinlay, Jock D.},
 title = {Fluid annotations in an open world},
 booktitle = {Proc. Hypertext 2001},
 year = {2001},
 pages = {9--18},
 publisher = {ACM Press},
} 

@inproceedings{Amft:2005,
 author = {Amft, Oliver and St\"{a}ger, Mathias and Lukowicz, Paul and Tr\"{o}ster, Gerhard},
 title = {Analysis of Chewing Sounds for Dietary Monitoring},
 booktitle = {Proceedings of the 7th International Conference on Ubiquitous Computing},
 series = {UbiComp'05},
 year = {2005},
 isbn = {3-540-28760-4, 978-3-540-28760-5},
 location = {Tokyo, Japan},
 pages = {56--72},
 numpages = {17},
 url = {http://dx.doi.org/10.1007/11551201_4},
 doi = {10.1007/11551201_4},
 acmid = {2156909},
 publisher = {Springer-Verlag},
 address = {Berlin, Heidelberg},
} 

@ARTICLE{Amft:pervasive2009, 
author={Amft, O. and Troster, G.}, 
journal={Pervasive Computing, IEEE}, 
title={On-Body Sensing Solutions for Automatic Dietary Monitoring}, 
year={2009}, 
month={April}, 
volume={8}, 
number={2}, 
pages={62-70}, 
keywords={biomedical communication;body area networks;automatic dietary monitoring;eating behaviors;nutrition research;onbody sensing solutions;Computerized monitoring;Feedback;Humans;Independent component analysis;Information resources;Pervasive computing;Prototypes;Read only memory;Sensor phenomena and characterization;Weight control;activity recognition;chewing sounds;intake cycle;intake gestures;pervasive healthcare;swallowing}, 
doi={10.1109/MPRV.2009.32}, 
ISSN={1536-1268},}

@inproceedings{Yatani:2012,
 author = {Yatani, Koji and Truong, Khai N.},
 title = {BodyScope: A Wearable Acoustic Sensor for Activity Recognition},
 booktitle = {Proceedings of the 2012 ACM Conference on Ubiquitous Computing},
 series = {UbiComp '12},
 year = {2012},
 isbn = {978-1-4503-1224-0},
 location = {Pittsburgh, Pennsylvania},
 pages = {341--350},
 numpages = {10},
 url = {http://doi.acm.org/10.1145/2370216.2370269},
 doi = {10.1145/2370216.2370269},
 acmid = {2370269},
 publisher = {ACM},
 address = {New York, NY, USA},
 keywords = {acoustic sensor, activity recognition, machine learning, wearable sensor},
} 

@inproceedings{KristofVanLaerhoven:2000,
 author = {Kristof Van Laerhoven and Cakmakci, Ozan},
 title = {What Shall We Teach Our Pants?},
 booktitle = {Proceedings of the 4th IEEE International Symposium on Wearable Computers},
 series = {ISWC '00},
 year = {2000},
 isbn = {0-7695-0795-6},
 pages = {77--},
 url = {http://dl.acm.org/citation.cfm?id=851037.856531},
 acmid = {856531},
 publisher = {IEEE Computer Society},
 address = {Washington, DC, USA},
 keywords = {Adaptive Context Awareness, Sensor Fusion, Machine Learning},
} 

@incollection{PCA,
year={2003},
isbn={978-1-58829-291-9},
booktitle={Functional Genomics},
volume={224},
series={Methods in Molecular Biology},
editor={Brownstein, MichaelJ. and Khodursky, ArkadyB.},
doi={10.1385/1-59259-364-X:159},
title={Detecting Stable Clusters Using Principal Component Analysis},
url={http://dx.doi.org/10.1385/1-59259-364-X%3A159},
publisher={Humana Press},
author={Ben-Hur, Asa and Guyon, Isabelle},
pages={159-182},
language={English}
}

@INPROCEEDINGS{Hachisuka:2003, 
author={Hachisuka, K. and Nakata, A and Takeda, T. and Terauchi, Y. and Shiba, K. and Sasaki, K. and Hosaka, H. and Itao, K.}, 
booktitle={TRANSDUCERS, Solid-State Sensors, Actuators and Microsystems, 12th International Conference on, 2003}, 
title={Development and performance analysis of an intra-body communication device}, 
year={2003}, 
month={June}, 
volume={2}, 
pages={1722-1725 vol.2},
doi={10.1109/SENSOR.2003.1217117},}


@article{Mannoor:2012,
	Annote = {Supplementary information available for this article at http://www.nature.com/ncomms/journal/v3/n3/suppinfo/ncomms1767{\_}S1.html},
	Author = {Mannoor, Manu S. and Tao, Hu and Clayton, Jefferson D. and Sengupta, Amartya and Kaplan, David L. and Naik, Rajesh R. and Verma, Naveen and Omenetto, Fiorenzo G. and McAlpine, Michael C.},
	Date = {2012/03/27/online},
	Date-Added = {2014-07-22 04:16:07 +0000},
	Date-Modified = {2014-07-22 04:16:07 +0000},
	Day = {27},
	Journal = {Nat Commun},
	L3 = {10.1038/ncomms1767},
	M3 = {Article},
	Month = {03},
	Pages = {763},
	Publisher = {Nature Publishing Group, a division of Macmillan Publishers Limited. All Rights Reserved.},
	Title = {Graphene-based wireless bacteria detection on tooth enamel},
	Ty = {JOUR},
	Url = {http://dx.doi.org/10.1038/ncomms1767},
	Volume = {3},
	Year = {2012},
	Bdsk-Url-1 = {http://dx.doi.org/10.1038/ncomms1767}}

@article{Camarillo2013,
author = {Camarillo, David and Mattson, James and Flynn, Michael and Yang, Sheng and Shull, Pete and Shultz, Rebecca and Matheson, Gordon and Garza, Daniel}, 
title = {Head contacts in collegiate football measured with an instrumented mouthguard},
volume = {47}, 
number = {5}, 
pages = {e1}, 
year = {2013}, 
doi = {10.1136/bjsports-2012-092101.33}, 
URL = {http://bjsm.bmj.com/content/47/5/e1.27.abstract}, 
eprint = {http://bjsm.bmj.com/content/47/5/e1.27.full.pdf+html}, 
journal = {British Journal of Sports Medicine} 
}

@INPROCEEDINGS{Kim:2010, 
author={Jung Ho Kim and McAuliffe, P. and O'Connel, B. and Diamond, D. and Lau, K.-T.}, 
booktitle={Body Sensor Networks (BSN), 2010 International Conference on}, 
title={Development of Bite Guard for Wireless Monitoring of Bruxism Using Pressure-Sensitive Polymer}, 
year={2010}, 
month={June}, 
pages={109-116},
doi={10.1109/BSN.2010.62},}

@ARTICLE{Jeannin:2008,
   author = {{Jeannin}, C. and {Perrier}, P. and {Payan}, Y. and {Dittmar}, A. and 
	{Grosgogeat}, B.},
    title = "{Tongue pressure recordings during speech using complete denture}",
  journal = {Materials Science and Engineering C 28},
   eprint = {0805.0744},
   pages = {835-841}
 primaryClass = "physics.med-ph",
 keywords = {Physics - Medical Physics},
     year = 2008,
    month = may,
}

@Article{Nutrition:1996,
AUTHOR = {Rosenberg, I H}
TITLE = {Nutrition research: an investment in the nation&#039;s health.},
JOURNAL = {Nutr Rev},
VOLUME = {54},
YEAR = {1996},
NUMBER = {1 Pt 2},
PAGES = {S5-6},
URL = {http://www.biomedsearch.com/nih/Nutrition-research-investment-in-nations/8919670.html},
PubMedID = {8919670},
ISSN = {0029-6643},
}

@incollection{Bao:2004,
year={2004},
isbn={978-3-540-21835-7},
booktitle={Pervasive Computing},
volume={3001},
series={Lecture Notes in Computer Science},
editor={Ferscha, Alois and Mattern, Friedemann},
doi={10.1007/978-3-540-24646-6_1},
title={Activity Recognition from User-Annotated Acceleration Data},
url={http://dx.doi.org/10.1007/978-3-540-24646-6_1},
publisher={Springer Berlin Heidelberg},
author={Bao, Ling and Intille, StephenS.},
pages={1-17},
language={English}
}

@incollection{Jianfeng:2005,
year={2005},
isbn={978-3-540-26008-0},
booktitle={Pervasive Computing},
volume={3468},
series={Lecture Notes in Computer Science},
editor={Gellersen, Hans-W. and Want, Roy and Schmidt, Albrecht},
doi={10.1007/11428572_4},
title={Bathroom Activity Monitoring Based on Sound},
url={http://dx.doi.org/10.1007/11428572_4},
publisher={Springer Berlin Heidelberg},
author={Chen, Jianfeng and Kam, AlvinHarvey and Zhang, Jianmin and Liu, Ning and Shue, Louis},
pages={47-61},
language={English}
}

@incollection{Pansiot:2007,
year={2007},
isbn={978-3-540-70993-0},
booktitle={4th International Workshop on Wearable and Implantable Body Sensor Networks (BSN 2007)},
volume={13},
series={IFMBE Proceedings},
editor={Leonhardt, Steffen and Falck, Thomas and Mähönen, Petri},
doi={10.1007/978-3-540-70994-7_36},
title={Ambient and Wearable Sensor Fusion for Activity Recognition in Healthcare Monitoring Systems},
url={http://dx.doi.org/10.1007/978-3-540-70994-7_36},
publisher={Springer Berlin Heidelberg},
keywords={blob sensor; wearable sensor; sensor fusion; activity recognition},
author={Pansiot, Julien and Stoyanov, Danail and McIlwraith, Douglas and Lo, BennyP.L. and Yang, G.Z.},
pages={208-212},
language={English}
}

@article{Choudhury:2008,
 author = {Choudhury, Tanzeem and Borriello, Gaetano and Consolvo, Sunny and Haehnel, Dirk and Harrison, Beverly and Hemingway, Bruce and Hightower, Jeffrey and Klasnja, Predrag "Pedja" and Koscher, Karl and LaMarca, Anthony and Landay, James A. and LeGrand, Louis and Lester, Jonathan and Rahimi, Ali and Rea, Adam and Wyatt, Danny},
 title = {The Mobile Sensing Platform: An Embedded Activity Recognition System},
 journal = {IEEE Pervasive Computing},
 issue_date = {April 2008},
 volume = {7},
 number = {2},
 month = apr,
 year = {2008},
 issn = {1536-1268},
 pages = {32--41},
 numpages = {10},
 url = {http://dx.doi.org/10.1109/MPRV.2008.39},
 doi = {10.1109/MPRV.2008.39},
 acmid = {1399120},
 publisher = {IEEE Educational Activities Department},
 address = {Piscataway, NJ, USA},
} 

@TECHREPORT{DeVaul:2000,
    author = {Richard W. DeVaul and Alex Pentland},
    title = {The Ektara architecture: The right framework for context-aware wearable and ubiquitous computing applications},
    institution = {},
    year = {2000}
}

@INPROCEEDINGS{Martin:2003, 
author={Martin, T. and Jones, M. and Edmison, J. and Shenoy, R.}, 
booktitle={Wearable Computers, 2003. Proceedings. Seventh IEEE International Symposium on}, 
title={Towards a design framework for wearable electronic textiles}, 
year={2003}, 
month={Oct}, 
pages={190-199}, 
keywords={Biological system modeling;Clothing;Computational modeling;Humans;Prototypes;Space exploration;Textiles;Virtual prototyping;Wearable computers;Wearable sensors}, 
doi={10.1109/ISWC.2003.1241411}, 
ISSN={1530-0811},}

@inproceedings{Ngai:2010,
 author = {Ngai, Grace and Chan, Stephen C.F. and Ng, Vincent T.Y. and Cheung, Joey C.Y. and Choy, Sam S.S. and Lau, Winnie W.Y. and Tse, Jason T.P.},
 title = {I*CATch: A Scalable Plug-n-play Wearable Computing Framework for Novices and Children},
 booktitle = {Proceedings of the SIGCHI Conference on Human Factors in Computing Systems},
 series = {CHI '10},
 year = {2010},
 isbn = {978-1-60558-929-9},
 location = {Atlanta, Georgia, USA},
 pages = {443--452},
 numpages = {10},
 url = {http://doi.acm.org/10.1145/1753326.1753393},
 doi = {10.1145/1753326.1753393},
 acmid = {1753393},
 publisher = {ACM},
 address = {New York, NY, USA},
 keywords = {computational textiles, construction kits, e-textiles, electronic textiles, i*catch, smart textiles, wearable computing},
} 

@ARTICLE{LOBIN:2010, 
author={López, G. and Custodio, V. and Moreno, J.I}, 
journal={Information Technology in Biomedicine, IEEE Transactions on}, 
title={LOBIN: E-Textile and Wireless-Sensor-Network-Based Platform for Healthcare Monitoring in Future Hospital Environments}, 
year={2010}, 
month={Nov},
volume={14}, 
number={6}, 
pages={1446-1458}, 
doi={10.1109/TITB.2010.2058812}, 
ISSN={1089-7771},}
